@article{de2010requirements:1,
title={Requirements engineering in agile software development},
author={De Lucia, Andrea and Qusef, Abdallah},
journal={Journal of emerging technologies in web intelligence},
volume={2},
number={3},
pages={212--220},
year={2010},
publisher={Academy Publisher, PO Box 40 Oulu 90571 Finland}
}

@inproceedings{van2001goal:2,
title={Goal-oriented requirements engineering: A guided tour},
author={Van Lamsweerde, Axel},
booktitle={Proceedings fifth ieee international symposium on requirements engineering},
pages={249--262},
year={2001},
organization={IEEE}
}

@incollection{sillitti2005requirements:3,
title={Requirements engineering for agile methods},
author={Sillitti, Alberto and Succi, Giancarlo},
booktitle={Engineering and Managing Software Requirements},
pages={309--326},
year={2005},
publisher={Springer}
}
